<?xml version="1.0" encoding="UTF-8"?><collection xmlns="http://www.loc.gov/MARC21/slim"><record><leader>00510nam--2200169-i-4500</leader><controlfield tag="001">000021101</controlfield><controlfield tag="002">20161230</controlfield><controlfield tag="005">20161230201034</controlfield><controlfield tag="008">060222s1000------------r-----000-0-eng-d</controlfield><datafield ind1=" " ind2=" " tag="040"><subfield code="a">IFIN-HH</subfield></datafield><datafield ind1=" " ind2=" " tag="080"><subfield code="a">539.1</subfield></datafield><datafield ind1="1" ind2=" " tag="100"><subfield code="a">Harnwell, G.P</subfield></datafield><datafield ind1="1" ind2="0" tag="245"><subfield code="a">Atomic physics</subfield><subfield code="b">An atomic description of physical phenoena</subfield><subfield code="c">G.p. harnwell, william e. stephens</subfield></datafield><datafield ind1=" " ind2=" " tag="260"><subfield code="a">New York 1965. X + 401 P</subfield><subfield code="b">Kcgraw-hill Book Company, Inc</subfield></datafield><datafield ind1="1" ind2=" " tag="700"><subfield code="a">Stephens, William, E</subfield></datafield><datafield ind1=" " ind2=" " tag="852"><subfield code="a">10902</subfield><subfield code="c">539</subfield></datafield><datafield ind1=" " ind2=" " tag="CAT"><subfield code="a">Sys</subfield><subfield code="c">20110923</subfield><subfield code="h">091156</subfield></datafield></record></collection>